@dataset{ncbi2022,
  author       = {{Genome Reference Consortium}},
  year         = {2022},
  title        = {Homo sapiens genome assembly GRCh38.p14, RefSeq accession GCF\_000001405.40},
  publisher    = {NCBI Datasets},
  url          = {https://www.ncbi.nlm.nih.gov/datasets/genome/GCF_000001405.40/}
}

@incollection{wang2023,
  author       = {Wang, Wenjuan and Ferrari, Davide and Haddon-Hill, Gabriel and Curcin, Vasa},
  editor       = {Colliot, Olivier},
  title        = {Electronic Health Records as Source of Research Data},
  booktitle    = {Machine Learning for Brain Disorders},
  publisher    = {Humana},
  year         = {2023},
  chapter      = {11},
  url          = {https://www.ncbi.nlm.nih.gov/books/NBK597466/}
}

@article{goetz2018,
  author       = {Goetz, Laura H. and Schork, Nicholas J.},
  year         = {2018},
  title        = {Personalized medicine: Motivation, challenges, and progress},
  journal      = {Fertility and Sterility},
  volume       = {109},
  number       = {6},
  pages        = {952--963},
  doi          = {10.1016/j.fertnstert.2018.05.006},
  url          = {https://pmc.ncbi.nlm.nih.gov/articles/PMC6366451/}
}

@article{brittain2017,
  author       = {Brittain, Helen K. and Scott, Richard and Thomas, Ellen},
  year         = {2017},
  title        = {The rise of the genome and personalised medicine},
  journal      = {Clinical Medicine (London)},
  volume       = {17},
  number       = {6},
  pages        = {545--551},
  doi          = {10.7861/clinmedicine.17-6-545},
  url          = {https://pmc.ncbi.nlm.nih.gov/articles/PMC6297695/}
}

@article{iyengar2022,
  author       = {Iyengar, K. P. and Zaw Pe, E. and Jalli, J. and others},
  year         = {2022},
  title        = {Industry 5.0 technology capabilities in Trauma and Orthopaedics},
  journal      = {Journal of Orthopaedics},
  volume       = {32},
  pages        = {125--132},
  doi          = {10.1016/j.jor.2022.06.001},
  url          = {https://www.sciencedirect.com/science/article/abs/pii/S0972978X22001155}
}

@misc{fuller2020,
  author       = {Fuller, Daniel},
  year         = {2020},
  title        = {Replication Data for: Using machine learning methods to predict physical activity types with Apple Watch and Fitbit data using indirect calorimetry as the criterion},
  howpublished = {Harvard Dataverse, Version 1},
  doi          = {10.7910/DVN/ZS2Z2J},
  url          = {https://doi.org/10.7910/DVN/ZS2Z2J}
}
